@book{antonopoulos2014mastering,
  title={Mastering Bitcoin: unlocking digital cryptocurrencies},
  author={Antonopoulos, Andreas M},
  year={2014},
  publisher={" O'Reilly Media, Inc."}
}
%dust
@misc{BtcDev,
title = {The Bitcoin Core developers: Bitcoin dust limit},
note = {\url{https://github.com/bitcoin/bitcoin/blob/c536dfbcb00fb15963bf5d507b7017c241718bf6/src/policy/policy.cpp,}},
}
%dust collecting
@misc{Dbg,
title = {Dust-B-Gone},
note = {\url{https://github.com/petertodd/dust-b-gone}},
}
%bitcoin origine
@article{nakamoto2009bitcoin,
  author = {Nakamoto, Satoshi},
  title = {Bitcoin: A Peer-to-Peer Electronic Cash System},
  note = {\url{http://www.bitcoin.org/bitcoin.pdf}},
  year = {2009}
}
@article{dustAnalisi,
  author    = {Matteo Loporchio and
               Anna Bernasconi and
               Damiano Di Francesco Maesa and
               Laura Ricci},
  title     = {An analysis of Bitcoin dust through authenticated queries},
  year      = {2021},
}
%OP_RETURN
@inproceedings{DBLP:conf/fc/BartolettiP17,
  author    = {Massimo Bartoletti and
               Livio Pompianu},
  title     = {An Analysis of Bitcoin OP{\_}RETURN Metadata},
  booktitle = {Financial Cryptography and Data Security},
  volume    = {10323},
  pages     = {218--230},
  publisher = {Springer},
  year      = {2017}
}
@misc{SD,
title = {Satoshi Dice},
note = {\url{https://en.bitcoin.it/wiki/Satoshi_Dice}},
}
@misc{SamuraiWallet,
note = {\url{https://twitter.com/samouraiwallet/status/1055345822076936192?lang=en}},
}
@misc{Compromised,
note = {\url{https://privatekeys.pw/address/bitcoin/1JwSSubhmg6iPtRjtyqhUYYH7bZg3Lfy1T}},
}
